@article{graphes,
    author={Logiciel Geogebra},
    title={\url{https://www.geogebra.org/?lang=fr}}
}

@article{cercle_trigo,
    author={Supreme Aryal},
    year={2010},
    title={Unit Circle : \url{https://texample.net/tikz/examples/unit-circle/}}
}

@article{doc,
    author="Tex StackExchange et Youtube et Overleaf et CTAN",
    title={Documentation}
}